@article{Simko2012,
abstract = {Using diploid software to analizae tetraploid genotypes},
author = {Simko, I., K.G. Haynes, and R.W. Jones},
doi = {10.1534/genetics.106.060905},
journal = {Genetics},
pages = {2237-2245},
title = {{Assessment of linkage disequilibrium in potato genome with single nucleotide polymorphism markers}},
volume = {173},
year = {2006}
}
