@misc{Purcell2010,
abstract = {Plink Documentation},
author = {Purcell, S},
booktitle = {Book},
file = {:home/lg/agrosavia/papers/paper-GWAS-Workflow/plink-doc-1.07.pdf:pdf},
keywords = {Purcell2010},
mendeley-tags = {Purcell2010},
pages = {1--293},
title = {{PLINK (1.07). Documentation. http://zzz.bwh.harvard.edu/plink/dist/plink-doc-1.07.pdf. Accessed 28 Agosto}},
url = {http://zzz.bwh.harvard.edu/plink/dist/plink-doc-1.07.pdf},
urldate = {2019-08-28},
year = {2010}
}
@misc{Plink2019,
title = {{File format reference - PLINK 1.9}},
url = {https://www.cog-genomics.org/plink/1.9/formats},
urldate = {2019-08-28}
}
